% Encoding: UTF-8

@PhdThesis{苏松志2012行人检测技术综述,
  author = {苏松志 and 李绍滋 and 陈淑媛 and 蔡国榕 and 吴云东},
  title  = {行人检测技术综述},
  year   = {2012},
}

@Book{ECCV2014Workshops,
  title     = {Computer Vision - ECCV 2014 Workshops},
  publisher = {Conference proceedings},
  year      = {2014},
  author    = {Zurich},
  editor    = {Lourdes AgapitoMichael M. BronsteinCarsten Rother},
}

@Article{8060595,
  author   = {J. Li and X. Liang and S. Shen and T. Xu and J. Feng and S. Yan},
  title    = {Scale-Aware Fast R-CNN for Pedestrian Detection},
  journal  = {IEEE Transactions on Multimedia},
  year     = {2018},
  volume   = {20},
  number   = {4},
  pages    = {985-996},
  month    = {April},
  issn     = {1520-9210},
  doi      = {10.1109/TMM.2017.2759508},
  keywords = {object detection;pedestrians;SAF R-CNN;modern object instance detection methods;Scale-Aware Fast R-CNN framework;pedestrian detection datasets;Proposals;Feature extraction;Detectors;Training;Logic gates;Skeleton;Robustness;Pedestrian detection;scale-aware;deep learning},
}

@Article{lowe2004distinctive,
  author    = {Lowe, David G},
  title     = {Distinctive image features from scale-invariant keypoints},
  journal   = {International journal of computer vision},
  year      = {2004},
  volume    = {60},
  number    = {2},
  pages     = {91--110},
  publisher = {Springer},
}

@InProceedings{liu2010spatial,
  author       = {Liu, Yazhou and Shan, Shiguang and Chen, Xilin and Heikkila, Janne and Gao, Wen and Pietikainen, Matti},
  title        = {Spatial-temporal granularity-tunable gradients partition (stggp) descriptors for human detection},
  booktitle    = {European Conference on Computer Vision},
  year         = {2010},
  pages        = {327--340},
  organization = {Springer},
}

@InProceedings{viola2003detecting,
  author       = {Viola, Paul and Jones, Michael J and Snow, Daniel},
  title        = {Detecting pedestrians using patterns of motion and appearance},
  booktitle    = {null},
  year         = {2003},
  pages        = {734},
  organization = {IEEE},
}

@Article{ojala2002multiresolution,
  author    = {Ojala, Timo and Pietikainen, Matti and Maenpaa, Topi},
  title     = {Multiresolution gray-scale and rotation invariant texture classification with local binary patterns},
  journal   = {IEEE Transactions on pattern analysis and machine intelligence},
  year      = {2002},
  volume    = {24},
  number    = {7},
  pages     = {971--987},
  publisher = {IEEE},
}

@InProceedings{dalal2006human,
  author       = {Dalal, Navneet and Triggs, Bill and Schmid, Cordelia},
  title        = {Human detection using oriented histograms of flow and appearance},
  booktitle    = {European conference on computer vision},
  year         = {2006},
  pages        = {428--441},
  organization = {Springer},
}

@Article{papageorgiou2000trainable,
  author    = {Papageorgiou, Constantine and Poggio, Tomaso},
  title     = {A trainable system for object detection},
  journal   = {International journal of computer vision},
  year      = {2000},
  volume    = {38},
  number    = {1},
  pages     = {15--33},
  publisher = {Springer},
}

@InProceedings{zhu2006fast,
  author       = {Zhu, Qiang and Yeh, Mei-Chen and Cheng, Kwang-Ting and Avidan, Shai},
  title        = {Fast human detection using a cascade of histograms of oriented gradients},
  booktitle    = {Computer Vision and Pattern Recognition, 2006 IEEE Computer Society Conference on},
  year         = {2006},
  volume       = {2},
  pages        = {1491--1498},
  organization = {IEEE},
}

@InProceedings{gavrila1999real,
  author       = {Gavrila, Dariu M and Philomin, Vasanth},
  title        = {Real-time object detection for" smart" vehicles},
  booktitle    = {Computer Vision, 1999. The Proceedings of the Seventh IEEE International Conference on},
  year         = {1999},
  volume       = {1},
  pages        = {87--93},
  organization = {IEEE},
}

@Article{gavrila2007multi,
  author    = {Gavrila, Dariu M and Munder, Stefan},
  title     = {Multi-cue pedestrian detection and tracking from a moving vehicle},
  journal   = {International journal of computer vision},
  year      = {2007},
  volume    = {73},
  number    = {1},
  pages     = {41--59},
  publisher = {Springer},
}

@InProceedings{wu2005detection,
  author       = {Wu, Bo and Nevatia, Ram},
  title        = {Detection of multiple, partially occluded humans in a single image by bayesian combination of edgelet part detectors},
  booktitle    = {null},
  year         = {2005},
  pages        = {90--97},
  organization = {IEEE},
}

@InProceedings{wu2007cluster,
  author       = {Wu, Bo and Nevatia, Ram},
  title        = {Cluster boosted tree classifier for multi-view, multi-pose object detection},
  booktitle    = {Computer Vision, 2007. ICCV 2007. IEEE 11th International Conference on},
  year         = {2007},
  pages        = {1--8},
  organization = {IEEE},
}

@InProceedings{sabzmeydani2007detecting,
  author       = {Sabzmeydani, Payam and Mori, Greg},
  title        = {Detecting pedestrians by learning shapelet features},
  booktitle    = {Computer Vision and Pattern Recognition, 2007. CVPR'07. IEEE Conference on},
  year         = {2007},
  pages        = {1--8},
  organization = {IEEE},
}

@InProceedings{dalal2005histograms,
  author       = {Dalal, Navneet and Triggs, Bill},
  title        = {Histograms of oriented gradients for human detection},
  booktitle    = {Computer Vision and Pattern Recognition, 2005. CVPR 2005. IEEE Computer Society Conference on},
  year         = {2005},
  volume       = {1},
  pages        = {886--893},
  organization = {IEEE},
}

@InProceedings{wojek2008performance,
  author       = {Wojek, Christian and Schiele, Bernt},
  title        = {A performance evaluation of single and multi-feature people detection},
  booktitle    = {Joint Pattern Recognition Symposium},
  year         = {2008},
  pages        = {82--91},
  organization = {Springer},
}

@Article{wojek2009multi,
  author    = {Wojek, Christian and Walk, Stefan and Schiele, Bernt},
  title     = {Multi-cue onboard pedestrian detection},
  year      = {2009},
  publisher = {IEEE},
}

@Article{wu2008optimizing,
  author    = {Wu, Bo and Nevatia, Ram},
  title     = {Optimizing discrimination-efficiency tradeoff in integrating heterogeneous local features for object detection},
  year      = {2008},
  publisher = {IEEE},
}

@InProceedings{wang2009hog,
  author       = {Wang, Xiaoyu and Han, Tony X and Yan, Shuicheng},
  title        = {An HOG-LBP human detector with partial occlusion handling},
  booktitle    = {Computer Vision, 2009 IEEE 12th International Conference on},
  year         = {2009},
  pages        = {32--39},
  organization = {IEEE},
}

@InProceedings{ott2009implicit,
  author       = {Ott, Patrick and Everingham, Mark},
  title        = {Implicit color segmentation features for pedestrian and object detection},
  booktitle    = {Computer vision, 2009 IEEE 12th international conference on},
  year         = {2009},
  pages        = {723--730},
  organization = {IEEE},
}

@InProceedings{lin2008pose,
  author       = {Lin, Zhe and Davis, Larry S},
  title        = {A pose-invariant descriptor for human detection and segmentation},
  booktitle    = {European Conference on Computer Vision},
  year         = {2008},
  pages        = {423--436},
  organization = {Springer},
}

@InProceedings{enzweiler2010integrated,
  author       = {Enzweiler, Markus and Gavrila, Dariu M},
  title        = {Integrated pedestrian classification and orientation estimation},
  booktitle    = {Computer Vision and Pattern Recognition (CVPR), 2010 IEEE Conference on},
  year         = {2010},
  pages        = {982--989},
  organization = {IEEE},
}

@Article{5975165,
  author   = {P. Dollar and C. Wojek and B. Schiele and P. Perona},
  title    = {Pedestrian Detection: An Evaluation of the State of the Art},
  journal  = {IEEE Transactions on Pattern Analysis and Machine Intelligence},
  year     = {2012},
  volume   = {34},
  number   = {4},
  pages    = {743-761},
  month    = {April},
  issn     = {0162-8828},
  doi      = {10.1109/TPAMI.2011.155},
  keywords = {computer vision;object detection;traffic engineering computing;pedestrian detection;computer vision;quality of life;monocular image;urban scene;state-of-the-art detector;partially occluded pedestrian;Detectors;Pixel;Cameras;Training;Testing;Heating;Labeling;Pedestrian detection;object detection;benchmark;evaluation;data set;Caltech Pedestrian data set.;Automatic Data Processing;Humans;Image Enhancement;Image Interpretation, Computer-Assisted;Pattern Recognition, Automated;Sensitivity and Specificity},
}

@InProceedings{Tian2015ICCV,
  author    = {Tian, Yonglong and Luo, Ping and Wang, Xiaogang and Tang, Xiaoou},
  title     = {Deep Learning Strong Parts for Pedestrian Detection},
  booktitle = {The IEEE International Conference on Computer Vision (ICCV)},
  year      = {2015},
  month     = {December},
}

@Comment{jabref-meta: databaseType:bibtex;}
